@article{article_key,
    author      = {Author, First and Author, Second},
    title       = {Title of the Article},
    journal     = {Journal Name},
    year        = {Year},
    volume      = {Volume},
    number      = {Issue},
    pages       = {Page Range},
    doi         = {DOI (optional)},
}

@book{book_key,
    author      = {Author, First and Author, Second},
    title       = {Title of the Book},
    publisher   = {Publisher},
    year        = {Year},
    address     = {Publisher's City},
    isbn        = {ISBN (optional)},
}

@inproceedings{conference_key,
    author      = {Author, First and Author, Second},
    title       = {Title of the Conference Paper},
    booktitle   = {Proceedings of the Conference},
    year        = {Year},
    pages       = {Page Range},
}

% Add more bibliography entries as needed for your references.
